<record><leader>00000cas a22000007a 4500</leader><controlfield tag="001">20669108</controlfield><controlfield tag="008">891117d19581966mnudn ne      0    0eng d</controlfield><datafield ind1=" " ind2=" " tag="010"><subfield code="a">sn 89064573 </subfield></datafield><datafield ind1=" " ind2=" " tag="040"><subfield code="a">MN#</subfield><subfield code="b">eng</subfield><subfield code="c">MN#</subfield><subfield code="d">OCL</subfield><subfield code="d">DLC</subfield><subfield code="d">MN#</subfield><subfield code="d">OCLCQ</subfield><subfield code="d">OCLCF</subfield><subfield code="d">OCLCO</subfield></datafield><datafield ind1=" " ind2=" " tag="019"><subfield code="a">1756720</subfield></datafield><datafield ind1="1" ind2=" " tag="029"><subfield code="a">AU@</subfield><subfield code="b">000025097895</subfield></datafield><datafield ind1=" " ind2=" " tag="042"><subfield code="a">msc</subfield></datafield><datafield ind1=" " ind2=" " tag="043"><subfield code="a">n-us-mn</subfield></datafield><datafield ind1=" " ind2=" " tag="052"><subfield code="a">4144</subfield><subfield code="b">F2</subfield></datafield><datafield ind1=" " ind2=" " tag="052"><subfield code="a">4143</subfield><subfield code="b">M4</subfield></datafield><datafield ind1="0" ind2=" " tag="130"><subfield code="a">Daily sentinel (Fairmont, Minn. : 1958)</subfield></datafield><datafield ind1="0" ind2="4" tag="245"><subfield code="a">The daily sentinel.</subfield></datafield><datafield ind1="1" ind2="7" tag="246"><subfield code="a">Fairmont daily sentinel</subfield></datafield><datafield ind1=" " ind2=" " tag="260"><subfield code="a">Fairmont, Minn. :</subfield><subfield code="b">Walter Mickelson, Jr.,</subfield><subfield code="c">1958-1966.</subfield></datafield><datafield ind1=" " ind2=" " tag="300"><subfield code="a">10 v.</subfield></datafield><datafield ind1=" " ind2=" " tag="310"><subfield code="a">Daily (except Sun.)</subfield></datafield><datafield ind1="0" ind2=" " tag="362"><subfield code="a">84th year, no. 221 (Mar. 24, 1958)-93rd year, no. 78 (Oct. 6, 1966).</subfield></datafield><datafield ind1=" " ind2=" " tag="530"><subfield code="a">Available on microfilm from the Minnesota Historical Society.</subfield></datafield><datafield ind1=" " ind2="0" tag="651"><subfield code="a">Fairmont (Minn.)</subfield><subfield code="v">Newspapers.</subfield></datafield><datafield ind1=" " ind2="7" tag="655"><subfield code="a">Newspapers.</subfield><subfield code="2">fast</subfield><subfield code="0">(OCoLC)fst01423814</subfield></datafield><datafield ind1=" " ind2="7" tag="651"><subfield code="a">Minnesota</subfield><subfield code="z">Fairmont.</subfield><subfield code="2">fast</subfield><subfield code="0">(OCoLC)fst01220183</subfield></datafield><datafield ind1=" " ind2=" " tag="752"><subfield code="a">United States</subfield><subfield code="b">Minnesota</subfield><subfield code="c">Martin</subfield><subfield code="d">Fairmont.</subfield></datafield><datafield ind1="0" ind2="0" tag="780"><subfield code="t">Fairmont daily sentinel</subfield><subfield code="w">(DLC)sn 89064572</subfield></datafield><datafield ind1="0" ind2="0" tag="785"><subfield code="t">Sentinel (Fairmont, Minn. : 1966)</subfield><subfield code="w">(DLC)sn 89064574</subfield></datafield></record>